<record><leader>00000cas a22000007a 4500</leader><controlfield tag="001">12006471</controlfield><controlfield tag="008">850507c19169999iauwr ne      0    0eng d</controlfield><datafield ind1=" " ind2=" " tag="010"><subfield code="a">sn 85049591 </subfield></datafield><datafield ind1=" " ind2=" " tag="040"><subfield code="a">INP</subfield><subfield code="b">eng</subfield><subfield code="c">INP</subfield><subfield code="d">OCLCQ</subfield></datafield><datafield ind1=" " ind2=" " tag="042"><subfield code="a">msc</subfield></datafield><datafield ind1="0" ind2="0" tag="245"><subfield code="a">Ackley world-journal.</subfield></datafield><datafield ind1="1" ind2="3" tag="246"><subfield code="a">World-journal</subfield><subfield code="f">&lt;Jan. 3-Dec. 26, 1929&gt;</subfield></datafield><datafield ind1=" " ind2=" " tag="260"><subfield code="a">Ackley, Iowa :</subfield><subfield code="b">George F. Althouse,</subfield><subfield code="c">1916-</subfield></datafield><datafield ind1=" " ind2=" " tag="300"><subfield code="a">v. :</subfield><subfield code="b">ill. ;</subfield><subfield code="c">55 cm.</subfield></datafield><datafield ind1=" " ind2=" " tag="310"><subfield code="a">Weekly</subfield></datafield><datafield ind1="0" ind2=" " tag="362"><subfield code="a">Vol. 23, no. 49 (Dec. 28, 1916)-</subfield></datafield><datafield ind1=" " ind2=" " tag="500"><subfield code="a">Published as: Ackley world journal, &lt;1966&gt;-</subfield></datafield><datafield ind1=" " ind2=" " tag="500"><subfield code="a">Ackley centennial issue published Aug. 1, 1957; Ackley "Quasquicentennial edition" issued July 1, 1982.</subfield></datafield><datafield ind1=" " ind2=" " tag="500"><subfield code="a">Publishers: George F. Althouse, &lt;Jan. 18, 1917&gt;- ; Charles V. Dunham, &lt;May 20, 1976&gt;-Apr. 12, 1979; Ackley Pub. Co., Apr. 19, 1979-&lt;Aug. 15, 1985&gt;.</subfield></datafield><datafield ind1=" " ind2=" " tag="500"><subfield code="a">"Where press and speech alike are free, safe from all foes dwells liberty," &lt;May 20, 1976&gt;-Sept. 13, 1979; "Black and white and read all over," Apr. 5-Sept. 13, 1979.</subfield></datafield><datafield ind1=" " ind2=" " tag="515"><subfield code="a">Vol. 23, no. 49 (Dec. 28, 1916)- called also whole no. 1122-</subfield></datafield><datafield ind1=" " ind2=" " tag="525"><subfield code="a">Includes occasional supplements.</subfield></datafield><datafield ind1=" " ind2=" " tag="752"><subfield code="a">United States</subfield><subfield code="b">Iowa</subfield><subfield code="c">Hardin</subfield><subfield code="d">Ackley.</subfield></datafield><datafield ind1="0" ind2="4" tag="780"><subfield code="t">Inter-county journal</subfield><subfield code="w">(DLC)sn 85049593</subfield></datafield><datafield ind1="0" ind2="4" tag="780"><subfield code="t">Ackley world</subfield><subfield code="w">(DLC)sn 85049594</subfield></datafield></record>